% This file was created with JabRef 2.10.
% Encoding: Cp1252


@Misc{higgs2014,
  Title                    = {Learning to discover: the Higgs boson machine learning challenge},

  Author                   = {C. Adam-Bourdariosa and G. Cowanb and C. Germain and I. Guyond, B. Kégl and D. Rousseau},
  Year                     = {2014},

  Url                      = {https://higgsml.lal.in2p3.fr/files/2014/04/documentation_v1.8.pdf}
}

@Other{FeatureEngineering,
  Title                    = {Discover Feature Engineering, How to Engineer Features and How to Get Good at It},
  Author                   = {J. Brownlee},
  Url                      = {https://machinelearningmastery.com/discover-feature-engineering-how-to-engineer-features-and-how-to-get-good-at-it/},
  Year                     = {2015}
}

@Article{10.1145/2347736.2347755,
  Title                    = {A Few Useful Things to Know about Machine Learning},
  Author                   = {P. Domingos},
  Journal                  = {Commun. ACM},
  Year                     = {2012},

  Month                    = oct,
  Number                   = {10},
  Pages                    = {78–87},
  Volume                   = {55},

  Abstract                 = {Tapping into the "folk knowledge" needed to advance machine learning applications.},
  Address                  = {New York, NY, USA},
  Doi                      = {10.1145/2347736.2347755},
  ISSN                     = {0001-0782},
  Issue_date               = {October 2012},
  Numpages                 = {10},
  Publisher                = {Association for Computing Machinery},
  Url                      = {https://doi.org/10.1145/2347736.2347755}
}

@Article{Grubbs69,
  Title                    = {Procedures for detecting outlying observations in samples},
  Author                   = { F. E. Grubbs},
  Journal                  = {Technometrics},
  Year                     = {1969},
  Pages                    = {1-21},
  Volume                   = {11},
  Timestamp                = {2016.05.07}
}

@Book{hastie_09_elements-of.statistical-learning,
  Title                    = {The elements of statistical learning: data mining, inference and prediction},
  Author                   = {T. Hastie and R. Tibshirani and J. Friedman},
  Publisher                = {Springer},
  Year                     = {2009},
  Edition                  = {2},
  Added-at                 = {2010-06-03T15:15:09.000+0200},
  Biburl                   = {https://www.bibsonomy.org/bibtex/200d858c0bd2826d4eb5f39450192d1f5/ukoethe},
  File                     = {:Books\\HastieTibshiraniFriedman-09-Elements-of-Statistical-Learning-2nd-edition\\hastie_09_elements-of.statistical-learning.pdf:PDF},
  Interhash                = {52d1772f39be836e3b298d37b8c0cfa1},
  Intrahash                = {00d858c0bd2826d4eb5f39450192d1f5},
  Keywords                 = {inference mathmatics dataanalysis method clutering statistics},
  Timestamp                = {2010-06-03T15:15:09.000+0200},
  Url                      = {http://www-stat.stanford.edu/~tibs/ElemStatLearn/}
}

@Misc{jaggi2021,
  Title                    = {Machine Learning (CS-433): Lecture notes},

  Author                   = {M. Jaggi and R. Urbanke and M. E. Khan},
  Year                     = {2021},

  Url                      = {https://github.com/epfml/ML_course}
}

@Other{ExploratoryDataAnalysis,
  Title                    = {Exploratory data analysis},
  Author                   = {Wikipedia, The Free Encyclopedia},
  Url                      = {https://en.wikipedia.org/wiki/Exploratory_data_analysis},
  Year                     = {2021}
}

